@article{PhysRevLett.116.112301,
  title = {Unitary Limit of Two-Nucleon Interactions in Strong Magnetic Fields},
  author = {Detmold, William and Orginos, Kostas and Parre\~no, Assumpta and Savage, Martin J. and Tiburzi, Brian C. and Beane, Silas R. and Chang, Emmanuel},
  collaboration = {NPLQCD Collaboration},
  journal = {Phys. Rev. Lett.},
  volume = {116},
  issue = {11},
  pages = {112301},
  numpages = {5},
  year = {2016},
  month = {Mar},
  publisher = {American Physical Society},
  doi = {10.1103/PhysRevLett.116.112301},
  url = {https://link.aps.org/doi/10.1103/PhysRevLett.116.112301}
}